<?xml version="1.0" encoding="UTF-8"?><collection xmlns="http://www.loc.gov/MARC21/slim"><record><leader>00506nam--2200133-i-4500</leader><controlfield tag="001">000033408</controlfield><controlfield tag="002">20161230</controlfield><controlfield tag="005">20161230201039</controlfield><controlfield tag="008">060222s1000------------r-----000-0-eng-d</controlfield><datafield ind1=" " ind2=" " tag="080"><subfield code="a">538.971:543.544.25(043)</subfield></datafield><datafield ind1=" " ind2=" " tag="100"><subfield code="a">Muchielli, Francoise</subfield></datafield><datafield ind1=" " ind2=" " tag="245"><subfield code="a">Etude de l`adsorption de l`oxygene et du monoxyde de carbone sur la face (110) du molybdene au moyen de la spectroscopie de desexcitation d`atomes metastables d`helium. these</subfield></datafield><datafield ind1=" " ind2=" " tag="260"><subfield code="a">Paris, Universite Pierre Et Marie Curie, 1981, 88p</subfield></datafield><datafield ind1=" " ind2=" " tag="852"><subfield code="a">70634</subfield></datafield></record></collection>